<record><leader>00000cas a2200000 a 4500</leader><controlfield tag="001">11522679</controlfield><controlfield tag="008">841221d18461854ohudn ne      0    0eng c</controlfield><datafield ind1=" " ind2=" " tag="010"><subfield code="a">sn 84037035 </subfield></datafield><datafield ind1=" " ind2=" " tag="040"><subfield code="a">CRL</subfield><subfield code="b">eng</subfield><subfield code="c">CRL</subfield><subfield code="d">NPW</subfield><subfield code="d">NPY</subfield><subfield code="d">NPX</subfield><subfield code="d">DLC</subfield><subfield code="d">NPA</subfield><subfield code="d">ONP</subfield><subfield code="d">NVF</subfield><subfield code="d">OCL</subfield><subfield code="d">DLC</subfield><subfield code="d">CRL</subfield><subfield code="d">OCLCQ</subfield><subfield code="d">OCLCF</subfield><subfield code="d">OCLCO</subfield><subfield code="d">CRL</subfield></datafield><datafield ind1=" " ind2=" " tag="042"><subfield code="a">pcc</subfield></datafield><datafield ind1=" " ind2=" " tag="043"><subfield code="a">n-us-oh</subfield></datafield><datafield ind1="0" ind2="0" tag="050"><subfield code="a">Newspaper</subfield></datafield><datafield ind1="0" ind2="0" tag="245"><subfield code="a">Daily Cincinnati commercial.</subfield></datafield><datafield ind1=" " ind2=" " tag="260"><subfield code="a">Cincinnati [Ohio] :</subfield><subfield code="b">J.W.S. Browne &amp; Co.,</subfield><subfield code="c">1846-1854.</subfield></datafield><datafield ind1=" " ind2=" " tag="300"><subfield code="a">11 v.</subfield></datafield><datafield ind1=" " ind2=" " tag="310"><subfield code="a">Daily (except Sun.)</subfield></datafield><datafield ind1="0" ind2=" " tag="362"><subfield code="a">Vol. 5, no. 73 (May 11, 1846)-v. 15, no. 266 (Nov. 11, 1854).</subfield></datafield><datafield ind1=" " ind2=" " tag="500"><subfield code="a">Publishers: J.W.S. Browne &amp; Co., May 11, 1846-Apr. 7, 1851; L.G. Curtiss, Apr. 8-21, 1851; Curtiss &amp; Potter, Apr. 22, 1851-Nov. 13, 1852; Lee &amp; Potter, Nov. 15, 1852-May 12, 1854; M.D. Potter, May 13-Nov. 11, 1854.</subfield></datafield><datafield ind1=" " ind2=" " tag="500"><subfield code="a">Editor: L.G. Curtiss, 1846-&lt;1849&gt;.</subfield></datafield><datafield ind1=" " ind2=" " tag="530"><subfield code="a">Also issued on microfilm from Center for Research Libraries.</subfield></datafield><datafield ind1=" " ind2=" " tag="580"><subfield code="a">Weekly eds.: Dollar weekly commercial, 1846-1852; and: Cincinnati dollar weekly commercial (Cincinnati, Ohio : 1852), 1852-1854.</subfield></datafield><datafield ind1=" " ind2="0" tag="651"><subfield code="a">Cincinnati (Ohio)</subfield><subfield code="v">Newspapers.</subfield></datafield><datafield ind1=" " ind2="7" tag="651"><subfield code="a">Ohio</subfield><subfield code="z">Cincinnati.</subfield><subfield code="2">fast</subfield><subfield code="0">(OCoLC)fst01205142</subfield></datafield><datafield ind1=" " ind2="7" tag="655"><subfield code="a">Newspapers.</subfield><subfield code="2">fast</subfield><subfield code="0">(OCoLC)fst01423814</subfield></datafield><datafield ind1=" " ind2=" " tag="752"><subfield code="a">United States</subfield><subfield code="b">Ohio</subfield><subfield code="c">Hamilton</subfield><subfield code="d">Cincinnati.</subfield></datafield><datafield ind1="1" ind2=" " tag="775"><subfield code="t">Dollar weekly commercial</subfield><subfield code="w">(DLC)sn 85025774</subfield><subfield code="w">(OCoLC)11902929</subfield></datafield><datafield ind1="1" ind2=" " tag="775"><subfield code="t">Cincinnati dollar weekly commercial (Cincinnati, Ohio : 1852)</subfield><subfield code="w">(DLC)sn 84028721</subfield><subfield code="w">(OCoLC)11520296</subfield></datafield><datafield ind1="0" ind2="8" tag="776"><subfield code="i">Online version:</subfield><subfield code="t">Daily Cincinnati commercial</subfield><subfield code="w">(OCoLC)917175022</subfield></datafield><datafield ind1="0" ind2="0" tag="780"><subfield code="t">Daily commercial (Cincinnati, Ohio)</subfield><subfield code="w">(DLC)sn 84037034</subfield><subfield code="w">(OCoLC)11522702</subfield></datafield><datafield ind1="0" ind2="0" tag="785"><subfield code="t">Cincinnati daily commercial</subfield><subfield code="w">(DLC)sn 84037036</subfield><subfield code="w">(OCoLC)11522718</subfield></datafield><datafield ind1="1" ind2=" " tag="029"><subfield code="a">AU@</subfield><subfield code="b">000003751523</subfield></datafield></record>